
% Link to serach BibTex references
% https://econpapers.repec.org/scripts/search.pf?ft=The+Band+Pass+Filter

%  Templates


@article{haldane2011systemic,
  title={Systemic risk in banking ecosystems},
  author={Haldane, Andrew G and May, Robert M},
  journal={Nature},
  volume={469},
  number={7330},
  pages={351--355},
  year={2011},
  publisher={Nature Publishing Group}
}

@article{gai2011complexity,
  title={Complexity, concentration and contagion},
  author={Gai, Prasanna and Haldane, Andrew and Kapadia, Sujit},
  journal={Journal of Monetary Economics},
  volume={58},
  number={5},
  pages={453--470},
  year={2011},
  publisher={Elsevier}
}

@article{acemoglu2015systemic,
  title={Systemic risk and stability in financial networks},
  author={Acemoglu, Daron and Ozdaglar, Asuman and Tahbaz-Salehi, Alireza},
  journal={American Economic Review},
  volume={105},
  number={2},
  pages={564--608},
  year={2015}
}
	
	@article{battiston2012debtrank,
	  title={Debtrank: Too central to fail? financial networks, the fed and systemic risk},
	  author={Battiston, Stefano and Puliga, Michelangelo and Kaushik, Rahul and Tasca, Paolo and Caldarelli, Guido},
	  journal={Scientific reports},
	  volume={2},
	  pages={541},
	  year={2012},
	  publisher={Nature Publishing Group}
	}

	@article{caccioli2015overlapping,
	  title={Overlapping portfolios, contagion, and financial stability},
	  author={Caccioli, Fabio and Farmer, J Doyne and Foti, Nick and Rockmore, Daniel},
	  journal={Journal of Economic Dynamics and Control},
	  volume={51},
	  pages={50--63},
	  year={2015},
	  publisher={Elsevier}
	}

	@article{key ,
	author = {Arthur B Cummings and David Eftekhary and Frank G House},
	title = {The accurate determination of coefficients},
	journal = {Journal of Sketchy Physics},
	volume = {13},
	year = {2003},
	number = {2},
	pages = {46--129}
	}

	@BOOK{key ,
	author = {I J Kuss},
	title = {On the Importance of Kissing Up to Your Boss},
	edition = {5},
	publisher = {Dilbert Books},
	address = {Cambridge MA},
	year = {1995}
	}

	@incollection{key ,
	author = {Tom Upsilon},
	title = {Obscure Greek letters},
	editor = {V W Xavier},
	booktitle = {Proceedings of the conference},
	publisher = {Last Resort Publishers},
	address = {Philadelphia PA},
	year = {1987},
	pages = {129--158}
	}


% A
	@article{ackerlof1996,
	title = {The Macroeconomics of Low Inflation},
	author = {Akerlof, George and Dickens, William R. and Perry, George},
	year = {1996},
	journal = {Brookings Papers on Economic Activity},
	volume = {27},
	number = {1},
	pages = {1-76},
	url = {https://EconPapers.repec.org/RePEc:bin:bpeajo:v:27:y:1996:i:1996-1:p:1-76}
	}

	@book{aoyama2017,
	title={Macro-Econophysics: New Studies on Economic Networks and Synchronization},
	author={Aoyama, H. and Fujiwara, Y. and Souma, W.},
	isbn={9781107198951},
	lccn={2017025771},
	series={Physics of Society: Econophysics and Sociophysics},
	url={https://books.google.fr/books?id=h09bDwAAQBAJ},
	year={2017},
	publisher={Cambridge University Press}
	}

	@article{arai:iyetomi2012,
	title = {Numerical Study of Generalized Random Correlation Matrices: Autocorrelation Effects},
	author = {Arai, Yuta and Iyetomi, Hiroshi},
	year = {2012},
	journal = {Progress of Theoretical Physics Supplement},
	volume = {},
	number = {194},
	pages = {84-93},
	}

	@article{arai:iyetomi2012,
	title = {Dynamic Stock Correlation Network},
	author = {Yuta Arai and Takeo Yoshikawa and Hiroshi Iyetomi},
	year = {2015},
	journal = {Procedia Computer Science},
	volume = {},
	number = {60},
	pages = {1826 – 18353},
	}

	@article{arouri:etal2010,
	author = {Arouri, El Hedi Mohamed and Jawadi, F and Nguyen, Duc Khuong},
	journal = {{\textless}hal-00507820{\textgreater}},
	title = {{Synchronization and nonlinear interdependence of short-term interest rates :}},
	url = {https://hal.archives-ouvertes.fr/hal-00507820},
	year = {2010}
	}

	@article{avellaneda:lee2010,
	author = {Avellaneda, Marco and Lee, Jeong Hyun},
	doi = {10.1080/14697680903124632},
	journal = {Quantitative Finance},
	number = {7},
	pages = {761--782},
	title = {{Statistical arbitrage in the US equities market}},
	volume = {10},
	year = {2010}
	}

% B
	
	@article{bai:ng2002,
	author = {Bai, Jushan and Ng, Serena},
	journal = {Econometrica},
	keywords = {Asset pricing,Factor analysis,Model selection,Principal components},
	number = {1},
	pages = {191--221},
	title = {{Determining the number of factors in approximate factor models}},
	volume = {70},
	year = {2002}
	}

	@article{bai:ng2008,
	author = {Bai, Jushan and Ng, Serena},
	journal = {Foundations and Trends in Econometrics},
	number = {2},
	pages = {89--163},
	title = {{Large dimensional factor analysis}},
	volume = {3},
	year = {2008}
	}

	@article{bai:ng2013,
	author = {Bai, Jushan and Ng, Serena},
	journal = {Journal of Econometrics},
	number = {1},
	pages = {18--29},
	title = {{Principal components estimation and identification of static factors}},
	volume = {176},
	year = {2013}
	}

	@article{bai1999,
	author = {Bai, Z. D.},
	journal = {Statistica Sinica},
	number = {3},
	pages = {611--662},
	title = {{METHODOLOGIES IN SPECTRAL ANALYSIS OF LARGE DIMENSIONAL RANDOM MATRICES , A REVIEW}},
	volume = {9},
	year = {1999}
	}

	@article{bardoscia:etal2017,
	author = {Bardoscia, Marco and Battiston, Stefano and Caccioli, Fabio and Caldarelli, Guido},
	issn = {20411723},
	journal = {Nature Communications},
	pages = {1--7},
	publisher = {Nature Publishing Group},
	title = {{Pathways towards instability in financial networks}},
	volume = {8},
	year = {2017}
	}

	@article{barbieri:etal2020,
	title={The Anatomy of Government Bond Yields Synchronization in the Eurozone},
	author={Barbieri, Claudio and Guerini, Mattia and Napoletano, Mauro},
	journal={forthcoming},
	volume={},
	pages={},
	year={2020},
	publisher={}
	}

	@article{barigozzi2019,
	title={Dynamic factor models: lecture notes},
	author={Barigozzi, M. and Luciani, M.},
	journal={LSE Summer School, London Taught Course Centre, Vienna, Alicante, Hong Kong, Pisa},
	volume={},
	pages={},
	year={2019},
	publisher={}
	}

	@article{barucca:etal2018,
	author = {Barucca, Paolo and Bardoscia, Marco and Caccioli, Fabio and D'Errico, Marco and Visentin, Gabriele and Battiston, Stefano and Caldarelli, Guido},
	journal = {SSRN Electronic Journal},
	number = {June},
	title = {{Network Valuation in Financial Systems}},
	year = {2018}
	}

	@article{battiston:etal2012,
	author = {Battiston, Stefano and {Delli Gatti}, Domenico and Gallegati, Mauro and Greenwald, Bruce and Stiglitz, Joseph E.},
	issn = {01651889},
	journal = {Journal of Economic Dynamics and Control},
	keywords = {Contagion,Financial acceleration,Financial crisis,Network models,Systemic risk},
	number = {8},
	pages = {1121--1141},
	title = {{Liaisons dangereuses: Increasing connectivity, risk sharing, and systemic risk}},
	volume = {36},
	year = {2012}
	}

	@article{baxter:king1999,
	author={Marianne Baxter and Robert G. King},
	title={{Measuring Business Cycles: Approximate Band-Pass Filters For Economic Time Series}},
	journal={The Review of Economics and Statistics},
	year=1999,
	volume={81},
	number={4},
	pages={575-593},
	month={November},
	}

	@techreport{bayoumi:dellariccia2014,
	author={Tamim Bayoumi and Giovanni Dell'Ariccia and Karl F Habermeier and Tommaso Mancini Griffoli and Fabian Valencia},
	title={{Monetary Policy in the New Normal}},
	year=2014,
	month=Apr,
	institution={International Monetary Fund},
	type={IMF Staff Discussion Notes},
	url={https://ideas.repec.org/p/imf/imfsdn/14-3.html},
	number={14/3}
	}

	@techreport{belo2001,
	author={Frederico Belo},
	title={{Some Facts About the Cyclical Convergence in the Euro Zone}},
	year=2001,
	institution={Banco de Portugal - Economics and Research Department},
	type={Working Papers},
	number={w200107},
	}

	@techreport{berger:dellariccia:obstfeld2018,
	author={Helge Berger and Giovanni Dell'Ariccia and Maurice Obstfeld},
	title={{Revisiting the Economic Case for Fiscal Union in the Euro Area}},
	year=2018,
	month=Feb,
	institution={International Monetary Fund},
	type={IMF Departmental Papers / Policy Papers},
	url={https://ideas.repec.org/p/imf/imfdep/18-03.html},
	number={18/03},
	}

	@article{billio:etal2010,
	author = {Billio, Monica and Getmansky, Mila and Lo, Andrew W and Pelizzon, Loriana},
	journal = {NBER WORKING PAPER SERIES: Working Paper 16223},
	title = {{ECONOMETRIC MEASURES OF SYSTEMIC RISK IN THE FINANCE AND INSURANCE SECTORS}},
	url = {http://www.nber.org/papers/w16223},
	year = {2010}
	}

	@article{biroli:etal2007,
	title={Extreme value problems in random matrix theory and other disordered systems},
	volume={2007},
	ISSN={1742-5468},
	url={http://dx.doi.org/10.1088/1742-5468/2007/07/P07019},
	DOI={10.1088/1742-5468/2007/07/p07019},
	number={07},
	journal={Journal of Statistical Mechanics: Theory and Experiment},
	publisher={IOP Publishing},
	author={Biroli, Giulio and Bouchaud, Jean-Philippe and Potters, Marc},
	year={2007},
	month={Jul},
	pages={P07019–P07019}
	}	

	@article{blanchard2016,
	title = {The Phillips Curve: Back to the '60s?},
	author = {Blanchard, Olivier},
	year = {2016},
	journal = {American Economic Review},
	volume = {106},
	number = {5},
	pages = {31-34},
	url = {https://EconPapers.repec.org/RePEc:aea:aecrev:v:106:y:2016:i:5:p:31-34}
	}

	@techreport{blanchard:dellariccia2013,
	author={Olivier J Blanchard and Giovanni Dell'Ariccia and Paolo Mauro},
	title={{Rethinking Macro Policy II; Getting Granular}},
	year=2013,
	month=Apr,
	institution={International Monetary Fund},
	type={IMF Staff Discussion Notes},
	url={https://ideas.repec.org/p/imf/imfsdn/13-03.html},
	number={13/03}
	}

	@article{blanchard:katz1992,
	title = {Regional Evolutions},
	author = {Blanchard, Olivier and Katz, Lawrence},
	year = {1992},
	journal = {Brookings Papers on Economic Activity},
	volume = {23},
	number = {1},
	pages = {1-76},
	url = {https://EconPapers.repec.org/RePEc:bin:bpeajo:v:23:y:1992:i:1992-1:p:1-76}
	}

	@article{boissay:cooper2020,
	author = {Boissay, Fr{\'{e}}d{\'{e}}ric and Cooper, Russel},
	journal = {American Economic Journal: Macroeconomics},
	number = {1},
	pages = {41--75},
	title = {{The Collateral Composition Channel}},
	volume = {12},
	year = {2020}
	}

	@techreport{bouchaud:potters2009,
	title = {Financial Applications of Random Matrix Theory: a short review},
	author = {Bouchaud, J. P. and Potters, Marc},
	year = {2009},
	institution = {arXiv.org},
	type = {Papers},
	url = {https://EconPapers.repec.org/RePEc:arx:papers:0910.1205}
	}

	@techreport{brunnermeier:reis2019,
	author={Markus K. Bunnermeier and Ricardo Reis},
	title={{A Crash Course on the Euro Crisis}},
	year=2019,
	month=Aug,
	institution={Centre for Macroeconomics (CFM)},
	type={Discussion Papers},
	url={https://ideas.repec.org/p/cfm/wpaper/1915.html},
	number={1915}
	}

	@techreport{brunnermeier:sannikov2016,
	author={Markus K. Brunnermeier and Yuliy Sannikov},
	title={{On the Optimal Inflation Rate}},
	year=2016,
	month=Mar,
	institution={National Bureau of Economic Research, Inc},
	type={NBER Working Papers},
	url={https://ideas.repec.org/p/nbr/nberwo/22133.html},
	number={22133}
	}

	@article{brunnermeier:etal2016a,
	author={Markus K. Brunnermeier and Luis Garicano and Philip R. Lane and Marco Pagano and Ricardo Reis and Tano Santos and David Thesmar and Stijn Van Nieuwerburgh and Dimitri Vayanos},
	title={{The Sovereign-Bank Diabolic Loop and ESBies}},
	journal={American Economic Review},
	year=2016,
	volume={106},
	number={5},
	pages={508-512},
	month={May},
	url={https://ideas.repec.org/a/aea/aecrev/v106y2016i5p508-12.html}
	}

	@techreport{brunnermeier:etal2016b,
	author={Markus K. Brunnermeier and Sam Langfield and Marco Pagano and Ricardo Reis and Stijn Van Nieuwerburgh and Dimitri Vayanos},
	title={{ESBies: Safety in the tranches}},
	year=2016,
	month=Sep,
	institution={European Systemic Risk Board},
	type={ESRB Working Paper Series},
	url={https://ideas.repec.org/p/srk/srkwps/201621.html},
	number={21},
	}

	@techreport{buiter:rahbari2012,
	title = {The ECB as Lender of Last Resort for Sovereigns in the Euro Area},
	author = {Buiter, Willem and Rahbari, Ebrahim},
	year = {2012},
	institution = {C.E.P.R. Discussion Papers},
	type = {CEPR Discussion Papers},
	number = {8974},
	url = {https://EconPapers.repec.org/RePEc:cpr:ceprdp:8974}
	}
% C
	@article{campos:fidrmuc:korhonen2019,
	title = "Business cycle synchronisation and currency unions: A review of the econometric evidence using meta-analysis",
	journal = "International Review of Financial Analysis",
	volume = "61",
	pages = "274 - 283",
	year = "2019",
	issn = "1057-5219",
	doi = "https://doi.org/10.1016/j.irfa.2018.11.012",
	url = "http://www.sciencedirect.com/science/article/pii/S1057521918301650",
	author = "Nauro F. Campos and Jarko Fidrmuc and Iikka Korhonen",
	}

	@article{chatelain:etal2003,
	author = {Chatelain, Jean Bernard and Ehrmann, Michael and Generale, Andrea and Mart{\'{i}}nez-Pag{\'{e}}s, Jorge and Vermeulen, Philip and Worms, Andreas},
	issn = {15424774},
	journal = {Journal of the European Economic Association},
	number = {2-3},
	pages = {731--742},
	title = {{Monetary policy transmission in the Euro area: New evidence from micro data on firms and banks}},
	volume = {1},
	year = {2003}
	}

	@article{christiano:fitzgerald2003,
	title = {The Band Pass Filter},
	author = {Christiano, Lawrence and Fitzgerald, Terry},
	year = {2003},
	journal = {International Economic Review},
	volume = {44},
	number = {2},
	pages = {435-465},
	url = {https://EconPapers.repec.org/RePEc:ier:iecrev:v:44:y:2003:i:2:p:435-465}
	}

	@article{cochrane:piazzesi2002,
	author = {Cochrane, John H. and Piazzesi, Monika},
	journal = {NBER Working Paper Series: Working Paper 9178},
	title = {{BOND RISK PREMIA}},
	year = {2002}
	}

	@article{coeure2017,
	author = {C\oe{}ur\'e, Beno\^{i}t},
	title = {Speech at the workshop ``Monetary policy in non-standard times''},
	journal = {},
	volume = {},
	year = {2017},
	number = {Frankfurt am Main, 11 September 2017},
	pages = {}
	}

	@article{CFTC2017,
	author = "{Commodity Future Trading Commission}",
	title = {Proposed Rules},
	journal = {Federal Register},
	volume = {75},
	year = {2010},
	month={June},
	day={11},
	number = {112},
	pages = {33198-33202},
	url = {https://www.cftc.gov/sites/default/files/idc/groups/public/(at)lrfederalregister/documents/file/2010-13613a.pdf}
	}


	@techreport{cordella:dellariccia:marquez2017,
	author={Cordella,Tito and Dell'Ariccia,Giovanni and Marquez,Robert},
	title={{Government guarantees, transparency, and bank risk-taking}},
	year=2017,
	month=Feb,
	institution={The World Bank},
	type={Policy Research Working Paper Series},
	url={https://ideas.repec.org/p/wbk/wbrwps/7971.html},
	number={7971},
	}
% D
	@article{darvas:szapary2008,
	title = {Business Cycle Synchronization in the Enlarged EU},
	author = {Darvas, Zsolt and Szapáry, György},
	year = {2008},
	journal = {Open Economies Review},
	volume = {19},
	number = {1},
	pages = {1-19},
	url = {https://EconPapers.repec.org/RePEc:kap:openec:v:19:y:2008:i:1:p:1-19}
	}


	@BOOK{degrauwe2018,
	title = {Economics of Monetary Union},
	author = {{De Grauwe}, Paul},
	year = {2018},
	edition = {11},
	publisher = {Oxford University Press},
	url = {https://EconPapers.repec.org/RePEc:oxp:obooks:9780198739876}
	}

	@techreport{degrauwe:ji2016,
	author={{De Grauwe}, Paul and Ji, Yuemei},
	title={{Inflation Targets and the Zero Lower Bound In a Behavioral Macroeconomic Model}},
	year=2016,
	month=Jun,
	institution={C.E.P.R. Discussion Papers},
	type={CEPR Discussion Papers},
	url={https://ideas.repec.org/p/cpr/ceprdp/11320.html},
	number={11320}
	}

	@techreport{degrauwe:ji2015,
	author={{De Grauwe}, Paul and Ji, Yuemei},
	title={{Market sentiments and the sovereign debt crisis in the Eurozone}},
	year=2015,
	institution={Collaborative EU Project FinMaP - Financial Distortions and Macroeconomic Performance: Expectations, Constraints and Interaction of Agents},
	type={FinMaP-Working Papers},
	url={https://ideas.repec.org/p/zbw/fmpwps/28.html},
	number={28}
	}

	@techreport{degrauwe:foresti2015,
	author={{De Grauwe}, Paul and Foresti, Pasquale },
	title={{Fiscal Rules, Financial Stability and Optimal Currency Areas}},
	year=2015,
	institution={CESifo Group Munich},
	type={CESifo Working Paper Series},
	url={https://ideas.repec.org/p/ces/ceswps/_5390.html},
	number={5390},
	}

	@article{degrauwe:ji2013,
	author = {{De Grauwe}, Paul and Ji, Yuemei },
	title = "Self-fulfilling crises in the Eurozone: An empirical test",
	journal = "Journal of International Money and Finance",
	volume = "34",
	pages = "15 - 36",
	year = "2013",
	issn = "0261-5606",
	doi = "https://doi.org/10.1016/j.jimonfin.2012.11.003",
	url = "http://www.sciencedirect.com/science/article/pii/S0261560612001829"
	}

	@techreport{degrauwe2011,
	author={{De~Grauwe}, Paul},
	title={{The European Central Bank: Lender of Last Resort in the Government Bond Markets?}},
	year=2011,
	institution={CESifo Group Munich},
	type={CESifo Working Paper Series},
	url={https://ideas.repec.org/p/ces/ceswps/_3569.html},
	number={3569},
	}

	@article{delpini:battiston:etal2013,
	author = {Delpini, Danilo and Battiston, Stefano and Riccaboni, Massimo and Gabbi, Giampaolo and Pammolli, Fabio and Caldarelli, Guido},
	doi = {10.1038/srep01626},
	issn = {20452322},
	journal = {Scientific Reports},
	pages = {1--5},
	title = {{Evolution of controllability in interbank networks}},
	volume = {3},
	year = {2013}
	}

	@article{diebolt:yildmaz2014,
	title = "On the network topology of variance decompositions: Measuring the connectedness of financial firms",
	author = "Francis X. Diebold and Kamil Yılmaz",
	journal = "Journal of Econometrics",
	volume = "182",
	number = "1",
	pages = "119 - 134",
	year = "2014",
	}

	@techreport{dosi:minenna:roventini2018,
	author={Giovanni Dosi and Marcello Minenna and Andrea Roventini and Roberto Violi},
	title={{Making the Eurozone work: a risk-sharing reform of the European Stability Mechanism}},
	year=2018,
	month=Jul,
	institution={Laboratory of Economics and Management (LEM), Sant'Anna School of Advanced Studies, Pisa, Italy},
	type={LEM Papers Series},
	url={https://ideas.repec.org/p/ssa/lemwps/2018-20.html},
	number={2018/20},
	}

	@article{dow:etal2012,
	author = {Dow, Sheila and Montagnoli, Alberto and Napolitano, Oreste},
	journal = {Regional Studies},
	number = {7},
	pages = {893--905},
	title = {{Interest Rates and Convergence across Italian Regions}},
	volume = {46},
	year = {2012}
	}

	@article{draghi2012,
	author = {Mario Draghi},
	title = {Speech by Mario Draghi, President of the European Central Bank at the Global Investment Conference in London, 26 July 2012},
	journal = {},
	volume = {},
	year = {2012},
	number = {London, 26 July 2012},
	pages = {}
	}
% E
	@techreport{eggertsson:giannoni2013,
	author={Eggertsson, Gauti B. and Giannoni, Marc},
	title={{The inflation-output trade-off revisited}},
	year=2013,
	month=Mar,
	institution={Federal Reserve Bank of New York},
	type={Staff Reports},
	url={https://ideas.repec.org/p/fip/fednsr/608.html},
	number={608},
	}

	@article{ehrmann:worms2004,
	author = {Ehrmann, Michael and Worms, Andreas},
	journal = {Journal of the European Economic Association},
	number = {6},
	pages = {1148--1171},
	title = {{Bank Networks and Monetary Policy Transmission}},
	volume = {2},
	year = {2004}
	}

	@article{eichengreen2019,
	author={Barry Eichengreen},
	title={{Convergence and Divergence in the EU: Lessons from Italy}},
	journal={Intereconomics: Review of European Economic Policy},
	year=2019,
	volume={54},
	number={1},
	pages={31-34},
	month={January},
	keywords={},
	doi={10.1007/s10272-019-0787-2},
	abstract={No abstract is available for this item.},
	url={https://ideas.repec.org/a/spr/intere/v54y2019i1d10.1007_s10272-019-0787-2.html}
	}

	@techreport{eichengreen2015,
	author={Barry Eichengreen},
	title={{Deflation and Monetary Policy}},
	year=2015,
	month=Oct,
	institution={Economic Research Institute, Bank of Korea},
	type={Working Papers},
	url={https://ideas.repec.org/p/bok/wpaper/1525.html},
	number={2015-25}
	}

	@techreport{eichengreen:panizza2014,
	author={Barry Eichengreen and Ugo Panizza},
	title={{A Surplus of Ambition: Can Europe Rely on Large Primary Surpluses to Solve its Debt Problem?}},
	year=2014,
	month=Jul,
	institution={National Bureau of Economic Research, Inc},
	type={NBER Working Papers},
	url={https://ideas.repec.org/p/nbr/nberwo/20316.html},
	number={20316}
	}

	@techreport{eusepi:giannoni:preston2012,
	author={Eusepi, Stefano and Giannoni, Marc and Preston, Bruce},
	title={{Long-Term Debt Pricing and Monetary Policy Transmission under Imperfect Knowledge}},
	year=2012,
	month=Feb,
	institution={C.E.P.R. Discussion Papers},
	type={CEPR Discussion Papers},
	url={https://ideas.repec.org/p/cpr/ceprdp/8845.html},
	number={8845},
	}
% F
	@article{faulwasser:semmler2018,
	author = {Faulwasser, Timm and Gross, Marco and Semmler Sr, Willi},
	year = {2018},
	month = {},
	pages = {},
	title = {Credit Cycles and Monetary Policy in a Model with Regime Switches},
	journal = {SSRN Electronic Journal},
	doi = {10.2139/ssrn.3288763},
	url = {https://www.ofce.sciences-po.fr/pdf-semofce/Semmler1.pdf}
	}

	@article{favero:missale2012,
	author = {Favero, Carlo and Missale, Alessandro},
	journal = {Economic Policy},
	number = {70},
	pages = {231--273},
	title = {{Sovereign spreads in the eurozone: Which prospects for a Eurobond?}},
	volume = {27},
	year = {2012}
	}

	@article{fidrmuc:korhonen2006,
	author={Fidrmuc, Jarko and Korhonen, Iikka},
	title={{Meta-analysis of the business cycle correlation between the euro area and the CEECs}},
	journal={Journal of Comparative Economics},
	year=2006,
	volume={34},
	number={3},
	pages={518-537},
	month={September},
	}

	@article{forni:hallin:lippi:reichlin2000,
	author={Mario Forni and Marc Hallin and Marco Lippi and Lucrezia Reichlin},
	title={{The Generalized Dynamic-Factor Model: Identification And Estimation}},
	journal={The Review of Economics and Statistics},
	year=2000,
	volume={82},
	number={4},
	pages={540-554},
	month={November},
	}

	@techreport{frankel:rose1996,
	title = {The Endogeneity of the Optimum Currency Area Criteria},
	author = {Frankel, Jeffrey and Rose, Andrew},
	year = {1996},
	institution = {C.E.P.R. Discussion Papers},
	type = {CEPR Discussion Papers},
	number = {1473},
	url = {https://EconPapers.repec.org/RePEc:cpr:ceprdp:1473}
	}
% G
	@article{gaffard:etal2018,
	author={Jean-Luc Gaffard and Mauro Napoletano and Stefano Battiston},
	title={{Some reflections on inflation targeting, monetary-fiscal policy interactions, and unconventional monetary policies}},
	journal={European Journal of Economics and Economic Policies: Intervention},
	year=2018,
	volume={15},
	number={2},
	pages={132-138},
	month={September}
	}

	@techreport{gaffard2018,
	title = {Monetary theory and policy: the debate revisited},
	author = {Gaffard, Jean-Luc},
	year = {2018},
	institution = {Sciences Po},
	type = {Sciences Po publications},
	number = {40},
	url = {https://EconPapers.repec.org/RePEc:spo:wpmain:info:hdl:2441/5cj1rrk8sb9f791t15lfl9ne27}
	}

	@article{giordano:etal2012,
	author = {Giordano, L and Linciano, N and Soccorso, P},
	journal = {Quaderni di finanza, CONSOB},
	title = {{The determinants of government yield spreads in the euro area}},
	volume = {71},
	year = {2012}
	}

	@article{godl:kleinert2016,
	author = {G{\"{o}}dl, Maximilian and Kleinert, J{\"{o}}rn},
	journal = {Review of World Economics},
	keywords = {Event study,Interest spreads,Public debt},
	number = {3},
	pages = {449--475},
	title = {{Interest rate spreads in the eurozone: Fundamentals or sentiments?}},
	volume = {152},
	year = {2016}
	}

	@techreport{gordon2013,
	author={Robert J. Gordon},
	title={{The Phillips Curve is Alive and Well: Inflation and the NAIRU During the Slow Recovery}},
	year=2013,
	month=Aug,
	institution={National Bureau of Economic Research, Inc},
	type={NBER Working Papers},
	url={https://ideas.repec.org/p/nbr/nberwo/19390.html},
	number={19390},
	}

	@techreport{goyal:dellariccia:etal2013,
	author={Rishi Goyal and Petya Koeva Brooks and Mahmood Pradhan and Thierry Tressel and Giovanni Dell'Ariccia and Ceyla Pazarbasioglu},
	title={{A Banking Union for the Euro Area}},
	year=2013,
	month=Feb,
	institution={International Monetary Fund},
	type={IMF Staff Discussion Notes},
	url={https://ideas.repec.org/p/imf/imfsdn/13-01.html},
	number={13/01}
	}

	@article{guerini:etal2018,
	author = {Guerini, M. and Luu, D.T. and Napoletano, M.},
	title = {Synchronization patterns in the European Union},
	journal = {forthcoming},
	volume = {},
	year = {2018},
	number = {},
	pages = {}
	}

	@article{guo:etal2018,
	author = {Guo, Danqiao and Boyle, Phelim P. and Weng, Chengguo and Wirjanto, Tony S.},
	doi = {10.2139/ssrn.3070416},
	journal = {SSRN Electronic Journal},
	title = {{Eigen Portfolio Selection: A Robust Approach to Sharpe Ratio Maximization}},
	year = {2018}
	}
% H
	@article{haan:inklaar2008,
	author={Jakob De Haan and Robert Inklaar and Richard Jong-A-Pin},
	title={{Will Business Cycles In The Euro Area Converge? A Critical Survey Of Empirical Research}},
	journal={Journal of Economic Surveys},
	year=2008,
	volume={22},
	number={2},
	pages={234-273},
	month={April},
	}

	@article{haldane2014,
	abstract = {Bank of England},
	author = {Haldane, Andrew G},
	keywords = {Office Add-ins support},
	number = {October},
	pages = {1--21},
	title = {{Managing global finance as a system}},
	year = {2014}
	}

	@article{haldane:may2011,
	author = {Haldane, Andrew G. and May, Robert M.},
	issn = {00280836},
	journal = {Nature},
	number = {7330},
	pages = {351--355},
	publisher = {Nature Publishing Group},
	title = {{Systemic risk in banking ecosystems}},
	volume = {469},
	year = {2011}
	}

	@techreport{hasanov:reda2012,
	author={Fuad Hasanov and Reda Cherif},
	title={{Public Debt Dynamics; The Effects of Austerity, Inflation, and Growth Shocks}},
	year=2012,
	month=Sep,
	institution={International Monetary Fund},
	type={IMF Working Papers},
	url={https://ideas.repec.org/p/imf/imfwpa/12-230.html},
	number={12/230},
	}
% I
	@article{iyetomi:etal2011,
    title={Fluctuation-Dissipation Theory of Input-Output Interindustrial Correlations},
    author={Hiroshi Iyetomi and Yasuhiro Nakayama and Hideaki Aoyama and Yoshi Fujiwara and Yuichi Ikeda and Wataru Souma},
    year={2011},
    journal = {Physical Review E},
	volume = {83},
	year = {2011},
	number = {016103},
	pages = {}
	}

	@techreport{imf2013,
	author= "{International Monetary Fund}",
	title={{Greece: Ex Post Evaluation of Exceptional Access Under the 2010 Stand-By Arrangement}},
	year=2013,
	month=Jun,
	institution={International Monetary Fund},
	type={Country Report},
	number={13/156},
	}
% J
% K
	@article{kapetanios2010,
	author = {Kapetanios, George},
	journal = {Journal of Business and Economic Statistics},
	keywords = {Factor models,Large sample covariance matrix,Maximum eigenvalue},
	number = {3},
	pages = {397--409},
	title = {{A testing procedure for determining the number of factors in approximate factor models with large datasets}},
	volume = {28},
	year = {2010}
	}

	@article{kichikawa:arai:iyetomi2015,
	title = {Complex principle component analysis on dynamic correlation structure in price index data},
	author = {Yuichi Kichikawa and Yuta Arai and Hiroshi Iyetomi},
	year = {2015},
	journal = {Procedia Computer Science},
	volume = {60},
	number = {},
	pages = {1836 – 1845},
	}

	@article{klose:weigert2014,
	author = {Klose, Jens and Weigert, Benjamin},
	journal = {International Finance},
	number = {1},
	pages = {25--50},
	title = {{Sovereign yield spreads during the euro crisis: Fundamental factors versus redenomination risk}},
	volume = {17},
	year = {2014}
	}

	@article{kritzman:etal2010,
	author = {Kritzman, Mark and Li, Yuanzhen and Page, S{\'e}bastien and Rigobon, Roberto},
	title = {Principal Components as a Measure of Systemic Risk},
	volume = {37},
	number = {4},
	pages = {112--126},
	year = {2011},
	doi = {10.3905/jpm.2011.37.4.112},
	URL = {https://jpm.pm-research.com/content/37/4/112},
	journal = {The Journal of Portfolio Management}
	}

	@incollection{krugman1991 ,
	author = {Krugman, Paul},
	title = {Lessons of Massatchusetts for EMU},
	editor = {Torres F., Giavazzi F.},
	booktitle = {Adjustment and growth in European Monetary Union},
	publisher = {Cambridge University Press},
	address = {Cambridge MA},
	year = {1991},
	pages = {241--261}
	}
% L
	@techreport{laloux:etal1998,
	title = {Noise dressing of financial correlation matrices},
	author = {Laloux, Laurent and Cizeau, Pierre and Bouchaud, Jean-Philippe and Potters, Marc},
	year = {1998},
	institution = {Science \& Finance, Capital Fund Management},
	type = {Science \& Finance (CFM) working paper archive},
	number = {500051}
	}

	@article{laloux:etal2000,
	title = {Random Matrix Theory and Financial Correlations},
	author = {Laloux, Laurent and Cizeau, Pierre and Potters, Marc and Bouchaud, Jean-Philippe},
	year = {2000},
	journal = {International Journal of Theoretical and Applied Finance (IJTAF)},
	volume = {03},
	number = {03},
	pages = {391-397}
	}

	@article{lippi:reichlin1993,
	author={Lippi, Marco and Reichlin, Lucrezia},
	title={{The Dynamic Effects of Aggregate Demand and Supply Disturbances: Comment}},
	journal={American Economic Review},
	year=1993,
	volume={83},
	number={3},
	pages={644-652},
	month={June},
	keywords={},
	doi={},
	abstract={No abstract is available for this item.},
	url={https://ideas.repec.org/a/aea/aecrev/v83y1993i3p644-52.html}
	}

	@article{liu:slotine:barabasi2011,
	author = {Liu, Yang Yu and Slotine, Jean Jacques and Barab{\'{a}}si, Albert L{\'{a}}szl{\'{o}}},
	doi = {10.1038/nature10011},
	issn = {00280836},
	journal = {Nature},
	number = {7346},
	pages = {167--173},
	pmid = {21562557},
	title = {{Controllability of complex networks}},
	volume = {473},
	year = {2011}
	}

	@article{ludvigson:ng2009,
	author = {Ludvigson, Sydney C. and Ng, Serena},
	journal = {NBER WORKING PAPER SERIES: Working Paper 15188},
	title = {{A FACTOR ANALYSIS OF BOND RISK PREMIA}},
	year = {2009}
	}

	@article{ludvigson:ng2005a,
	author = {Ludvigson, Sydney C. and Ng, Serena},
	journal = {NBER WORKING PAPER SERIES: Working Paper 11703},
	title = {{MACRO FACTORS IN BOND RISK PREMIA}},
	year = {2005}
	}

	@article{ludvigson:ng2005b,
	author = {Ludvigson, Sydney C. and Ng, Serena},
	journal = {NBER WORKING PAPER SERIES: Working Paper 11477},
	title = {{THE EMPIRICAL RISK-RETURN RELATION: A FACTOR ANALYSIS APPROACH}},
	year = {2005}
	}

	@article{luu:napoletano:battiston2018,
	author = {Luu, Duc Thi and Napoletano, Mauro and Barucca, Paolo and Battiston, Stefano},
	journal = {SSRN Electronic Journal},
	title = {{Collateral Unchained: Rehypothecation Networks, Concentration and Systemic Effects}},
	year = {2018}
	}


% M
	@article{marchenko:pastur1967,
	url = {https://doi.org/10.1070%2Fsm1967v001n04abeh001994},
	year = 1967,
	month = {apr},
	publisher = {{IOP} Publishing},
	volume = {1},
	number = {4},
	pages = {457--483},
	author = {V A Mar{\v{c}}enko and L A Pastur},
	title = {Distribution of Eigenvalues for some Sets of Random Matrices},
	journal = {Mathematics of the {USSR}-Sbornik}
	}

	@article{martinez-jaramillo:etal2014,
	author = {Martinez-Jaramillo, Serafin and Alexandrova-Kabadjova, Biliana and Bravo-Benitez, Bernardo and Sol{\'{o}}rzano-Margain, Juan Pablo},
	doi = {10.1016/j.jedc.2014.01.009},
	issn = {01651889},
	journal = {Journal of Economic Dynamics and Control},
	keywords = {Financial networks,Interbank market,Payment systems,Systemic risk},
	pages = {242--265},
	publisher = {Elsevier},
	title = {{An empirical study of the Mexican banking system's network and its implications for systemic risk}},
	url = {http://dx.doi.org/10.1016/j.jedc.2014.01.009},
	volume = {40},
	year = {2014}
	}

	@techreport{munnix2012,
	title = {Identifying States of a Financial Market},
	author = {M\"unnix, Michael C. and Shimada, Takashi and Sch\"afer, Rudi and Seligman, Francois Leyvraz Thomas H. and Guhr, Thomas and Stanley, H. E.},
	year = {2012},
	institution = {arXiv.org},
	type = {Papers},
	url = {https://EconPapers.repec.org/RePEc:arx:papers:1202.1623}
	}

	@book{minenna2017 ,
	author = {Minenna, M. and Boi, G. M. and Verzella, P.},
	title = {The Incomplete Currency: The Future of the Euro and Solutions for the Eurozones},
	edition = {},
	publisher = {Oxford: Wiley},
	address = {Oxford},
	year = {2017}
	}

	@article{moench2008,
	author = {Moench, Emanuel},
	journal = {Journal of Econometrics},
	keywords = {Affine term structure models,Dynamic factor models,Factor-augmented VAR,Forecasting,Yield curve},
	number = {1},
	pages = {26--43},
	title = {{Forecasting the yield curve in a data-rich environment: A no-arbitrage factor-augmented VAR approach}},
	volume = {146},
	year = {2008}
	}

	@article{mundell1961,
	 ISSN = {00028282},
	 URL = {http://www.jstor.org/stable/1812792},
	 author = {Robert A. Mundell},
	 journal = {The American Economic Review},
	 number = {4},
	 pages = {657--665},
	 publisher = {American Economic Association},
	 title = {A Theory of Optimum Currency Areas},
	 volume = {51},
	 year = {1961}
	}
% N
% O
	@article{onatski2005,
	author = {Onatski, Alexei},
	file = {:C$\backslash$:/Users/claud/Desktop/Library/References/Econometrics, DFM, RMT/RMT/Onatski (2005).pdf:pdf},
	journal = {Columbia University Department of Economics Discussion Paper Series, Discussion Paper No.: 0405-19},
	keywords = {no keywords},
	number = {March},
	title = {{Department of Economics Determinimg the Number of Factors from Empirical Distribution of Eigenvalues Determinimg the Number of Factors from Empirical Distribution of Eigenvalues}},
	year = {2005}
	}

% P
	@article{phillips:sul2007,
	ISSN = {00129682, 14680262},
	URL = {http://www.jstor.org/stable/4502048},
	author = {Peter C. B. Phillips and Donggyu Sul},
	journal = {Econometrica},
	number = {6},
	pages = {1771--1855},
	publisher = {[Wiley, Econometric Society]},
	title = {Transition Modeling and Econometric Convergence Tests},
	volume = {75},
	year = {2007}
	}

	@BOOK{pisanyferry2014,
	title = {The Euro Crisis and Its Aftermath},
	author = {Pisani-Ferry, Jean},
	year = {2014},
	publisher = {Oxford University Press},
	url = {https://EconPapers.repec.org/RePEc:oxp:obooks:9780199993338}
	}
% Q
% R 
% S
	@article{scherer:avellaneda2002,
	author = {Scherer, Kevin Paul and Avellaneda, Marco},
	journal = {International Journal of Theoretical and Applied Finance},
	keywords = {brady bond debt,credit confagion,principal component analysis},
	number = {1},
	pages = {79--106},
	title = {{A PRINCIPAL COMPONENT ANALYSIS OF LATIN AMERICAN BRADY BOND DEBT FROM 1994 TO 2000}},
	volume = {5},
	year = {2002}
	}

	@article{schweitzer:etal2009,
	author = {Schweitzer, Frank and Fagiolo, Giorgio and Sornette, Didier and Vega-Redondo, Fernando and Vespignani, Alessandro and White, Douglas R.},
	issn = {00368075},
	journal = {Science},
	number = {5939},
	pages = {422--425},
	title = {{Economic networks: The new challenges}},
	volume = {325},
	year = {2009}
	}

	@techreport{semmler:young2017,
	author={Willi Semmler and Brigitte Young},
	title={{Re-Booting Europe: What kind of Fiscal Union - What kind of Social Union?}},
	year=2017,
	month=Mar,
	institution={New School for Social Research, Department of Economics},
	type={Working Papers},
	url={https://ideas.repec.org/p/new/wpaper/1713.html},
	number={1713}
	}

	@techreport{semmler:proano2015,
	author={Semmler, Willi and Proaño, Christian R.},
	title={{Escape routes from sovereign default risk in the euro area}},
	year=2015,
	month=,
	institution={ZEW - Leibniz Centre for European Economic Research},
	type={ZEW Discussion Papers},
	url={https://ideas.repec.org/p/zbw/zewdip/15020.html},
	number={15-020}
	}

	@techreport{sammler:chappe2012,
	author={Raphaële Chappe and Willi Semmler},
	title={{Financial Reform in the U.S.: A Critical Survey of Dodd-Frank and What is Needed for Europe}},
	year=2012,
	month=,
	institution={IMK at the Hans Boeckler Foundation, Macroeconomic Policy Institute},
	type={IMK Studies},
	url={https://ideas.repec.org/p/imk/studie/28-2012.html},
	number={28-2012}
	}

	@article{sammler:greiner:koller2007,
	author={Alfred Greiner and Uwe Köller and Willi Semmler},
	title={{Debt sustainability in the European Monetary Union: Theory and empirical evidence for selected countries}},
	journal={Oxford Economic Papers},
	year=2007,
	volume={59},
	number={2},
	pages={194-218},
	month={April}
	}

	@article{semmler:chen:etal2006,
	author={Pu Chen and Carl Chiarella and Peter Flaschel and Willi Semmler},
	title={{The feedback channels in macroeconomics: analytical foundations for structural econometric model building}},
	journal={Central European Journal of Operations Research},
	year=2006,
	volume={14},
	number={3},
	pages={261-288},
	month={September}
	}

	@article{sichera:pizzuto2019,
	author={Roberto Sichera and Pietro Pizzuto},
	title={{ConvergenceClubs: A Package for Performing the Phillips and Sul's Club Convergence Clustering Procedure}},
	journal={The R Journal},
	year=2006,
	volume={},
	number={},
	pages={},
	month={},
	url={https://journal.r-project.org/archive/2019/RJ-2019-021/RJ-2019-021.pdf}
	}

	@article{squartini:etal2013,
	archivePrefix = {arXiv},
	arxivId = {1302.2063},
	author = {Squartini, Tiziano and {Van Lelyveld}, Iman and Garlaschelli, Diego},
	doi = {10.1038/srep03357},
	eprint = {1302.2063},
	issn = {20452322},
	journal = {Scientific Reports},
	pages = {1--9},
	title = {{Early-warning signals of topological collapse in interbank networks}},
	volume = {3},
	year = {2013}
	}

	@article{stock:watson2002,
	author = {Stock, James H. and Watson, Mark W.},
	journal = {Journal of the American Statistical Association},
	number = {460},
	pages = {1167 -- 1179},
	title = {{Forecasting Using Principal Components From a Large Number of Predictors}},
	volume = {97},
	year = {2002}
	}
% T
% U
	@INCOLLECTION{uhlig2009,
	title = {Comment on "How Has the Euro Changed the Monetary Transmission Mechanism?"},
	author = {Uhlig, Harald},
	year = {2009},
	pages = {141-152},
	booktitle = {NBER Macroeconomics Annual 2008, Volume 23},
	publisher = {National Bureau of Economic Research, Inc},
	url = {https://EconPapers.repec.org/RePEc:nbr:nberch:7276}
	}
% V
	@article{vajanne2007,
	author = {Vajanne, Laura},
	booktitle = {Bank of Finland Research Discussion Papers 27/2007},
	doi = {10.2139/ssrn.1081564},
	keywords = {F36,G21,Laura Vajanne,euro area interest rates,euroalueen korot,financial market integration,paneeliestimointi,panel data estimation,rahoitusmarkkinoiden integraatio},
	title = {{Integration in Euro Area Retail Banking Markets - Convergence of Credit Interest Rates}},
	year = {2007}
	}

	@article{visentin:etal2016,
	author = {Visentin, Gabriele and Battiston, Stefano},
	journal = {SSRN Electronic Journal},
	keywords = {acknowledgments,ch,comments,corresponding author,debtrank,derrico,eisenberg-noe,financial contagion,financial network,joseph stiglitz and tarik,leverage network,loss amplification,loss conserva-,marco,roukny for discussions and,tion,uzh,we are grateful to},
	number = {610704},
	title = {{Rethinking Financial Contagion}},
	year = {2016}
	}

% Y
% X
% W
	@article{walti2011,
	author = {W{\"{a}}lti, S{\'{e}}bastien},
	doi = {10.1016/j.jimonfin.2010.07.004},
	journal = {Journal of International Money and Finance},
	number = {1},
	pages = {96--110},
	publisher = {Elsevier Ltd},
	title = {{Stock market synchronization and monetary integration}},
	url = {http://dx.doi.org/10.1016/j.jimonfin.2010.07.004},
	volume = {30},
	year = {2011}
	}
% Z
